<?xml version="1.0" encoding="UTF-8"?>
<record xmlns="http://www.loc.gov/MARC21/slim" xmlns:xsi="http://www.w3.org/2001/XMLSchema-instance" xsi:schemaLocation="http://www.loc.gov/MARC21/slim http://www.loc.gov/standards/marcxml/schema/MARC21slim.xsd">
<leader>00000cam a22      i 4500</leader>
<controlfield tag="001">002886470</controlfield>
<controlfield tag="003">NNU</controlfield>
<controlfield tag="005">20160304171858.0</controlfield>
<controlfield tag="008">790927s1966    le       b    001 0 eng</controlfield>
<datafield tag="010" ind1=" " ind2=" ">
<subfield code="a">   75582279</subfield>
</datafield>
<datafield tag="016" ind1="7" ind2=" ">
<subfield code="a">001786841</subfield>
<subfield code="2">Uk</subfield>
</datafield>
<datafield tag="035" ind1=" " ind2=" ">
<subfield code="a">(OCoLC)307239</subfield>
</datafield>
<datafield tag="040" ind1=" " ind2=" ">
<subfield code="a">DLC</subfield>
<subfield code="b">eng</subfield>
<subfield code="c">DLC</subfield>
<subfield code="d">BTCTA</subfield>
<subfield code="d">UKMGB</subfield>
<subfield code="d">LEAUB</subfield>
<subfield code="d">EUM</subfield>
<subfield code="d">OCLCO</subfield>
<subfield code="d">OCLCA</subfield>
<subfield code="d">OCLCF</subfield>
<subfield code="d">OCLCQ</subfield>
<subfield code="d">NNU</subfield>
</datafield>
<datafield tag="050" ind1="0" ind2="0">
<subfield code="a">PJ25</subfield>
<subfield code="b">.A6 no. 44</subfield>
<subfield code="a">BP166.94</subfield>
</datafield>
<datafield tag="082" ind1="0" ind2=" ">
<subfield code="a">297.61</subfield>
<subfield code="2">22</subfield>
</datafield>
<datafield tag="100" ind1="1" ind2=" ">
<subfield code="a">Ībish, Yūsuf.</subfield>
</datafield>
<datafield tag="245" ind1="1" ind2="4">
<subfield code="a">The political doctrine of al-Baqillani /</subfield>
<subfield code="c">by Yusuf Ibish.</subfield>
</datafield>
<datafield tag="260" ind1=" " ind2=" ">
<subfield code="a">Beirut :</subfield>
<subfield code="b">[American University of Beirut, Faculty of Arts and Sciences],</subfield>
<subfield code="c">1966.</subfield>
</datafield>
<datafield tag="300" ind1=" " ind2=" ">
<subfield code="a">208 pages ;</subfield>
<subfield code="c">20 cm.</subfield>
</datafield>
<datafield tag="336" ind1=" " ind2=" ">
<subfield code="a">text</subfield>
<subfield code="b">txt</subfield>
<subfield code="2">rdacontent</subfield>
</datafield>
<datafield tag="337" ind1=" " ind2=" ">
<subfield code="a">unmediated</subfield>
<subfield code="b">n</subfield>
<subfield code="2">rdamedia</subfield>
</datafield>
<datafield tag="338" ind1=" " ind2=" ">
<subfield code="a">volume</subfield>
<subfield code="b">nc</subfield>
<subfield code="2">rdacarrier</subfield>
</datafield>
<datafield tag="490" ind1="1" ind2=" ">
<subfield code="a">American University of Beirut. Publication of the Faculty of Arts and Sciences : Oriental series ;</subfield>
<subfield code="v">no. 44</subfield>
</datafield>
<datafield tag="504" ind1=" " ind2=" ">
<subfield code="a">Includes bibliographical references (pages 187-203) and index.</subfield>
</datafield>
<datafield tag="650" ind1=" " ind2="0">
<subfield code="a">Imamate.</subfield>
</datafield>
<datafield tag="600" ind1="1" ind2="0">
<subfield code="a">Bāqillānī, Muḥammad ibn al-Ṭayyib,</subfield>
<subfield code="d">-1013.</subfield>
<subfield code="t">Tamhīd al-dalāʼil wa-talkhīṣ al-awāʼil.</subfield>
</datafield>
<datafield tag="600" ind1="1" ind2="4">
<subfield code="a">Baqillāni, Muhammad ibn al-Tayyib,</subfield>
<subfield code="c">al-Tamhid.</subfield>
</datafield>
<datafield tag="630" ind1="0" ind2="7">
<subfield code="a">Tamhīd al-dalāʼil wa-talkhīṣ al-awāʼil (Bāqillānī, Muḥammad ibn al-Ṭayyib)</subfield>
<subfield code="2">fast</subfield>
<subfield code="0">(OCoLC)fst01357299</subfield>
</datafield>
<datafield tag="650" ind1=" " ind2="7">
<subfield code="a">Imamate.</subfield>
<subfield code="2">fast</subfield>
<subfield code="0">(OCoLC)fst00967643</subfield>
</datafield>
<datafield tag="776" ind1="0" ind2="8">
<subfield code="i">Online version:</subfield>
<subfield code="a">Ībish, Yūsuf.</subfield>
<subfield code="t">Political doctrine of al-Baqillani.</subfield>
<subfield code="d">Beirut : [American University of Beirut, Faculty of Arts and Sciences], 1966</subfield>
<subfield code="w">(OCoLC)620883348</subfield>
</datafield>
<datafield tag="830" ind1=" " ind2="0">
<subfield code="a">Publication of the Faculty of Arts and Sciences.</subfield>
<subfield code="p">Oriental series ;</subfield>
<subfield code="v">no. 44.</subfield>
</datafield>
<datafield tag="OWN" ind1=" " ind2=" ">
<subfield code="a">GENERAL</subfield>
</datafield>
<datafield tag="AVA" ind1=" " ind2=" ">
<subfield code="a">NYU50</subfield>
<subfield code="b">BOBST</subfield>
<subfield code="c">Main Collection</subfield>
<subfield code="d">PJ25 .A6 no.44</subfield>
<subfield code="e">unavailable</subfield>
<subfield code="t">Unavailable</subfield>
<subfield code="f">1</subfield>
<subfield code="g">1</subfield>
<subfield code="h">N</subfield>
<subfield code="i">0</subfield>
<subfield code="j">MAIN</subfield>
<subfield code="k">0</subfield>
</datafield>
</record>
